
@article{whitesides_whitesides_2004,
	title = {Whitesides' group: writing a paper},
	volume = {16},
	shorttitle = {Whitesides' group},
	url = {http://onlinelibrary.wiley.com/doi/10.1002/adma.200400767/full},
	number = {15},
	urldate = {2013-11-18},
	journal = {Advanced Materials},
	author = {Whitesides, George M.},
	year = {2004},
	pages = {1375--1377},
	file = {Snapshot:/home/huff/.zotero/zotero/m4c2d0jp.default/zotero/storage/MBA845WN/login.html:text/html;whitesides_writing_2004.pdf:/home/huff/.zotero/zotero/m4c2d0jp.default/zotero/storage/H84ESUFJ/whitesides_writing_2004.pdf:application/pdf}
}